<record><leader>04417cam a2200481 i 4500</leader><controlfield tag="001">6803127</controlfield><controlfield tag="003">OCoLC</controlfield><controlfield tag="005">20150127132529.0</controlfield><controlfield tag="008">140605s2015    nyua     b    001 0 eng  </controlfield><datafield ind1=" " ind2=" " tag="010"><subfield code="a">  2014019501</subfield></datafield><datafield ind1=" " ind2=" " tag="020"><subfield code="a">9780415726306 (hardback)</subfield></datafield><datafield ind1=" " ind2=" " tag="020"><subfield code="a">0415726301 (hardback)</subfield></datafield><datafield ind1=" " ind2=" " tag="035"><subfield code="a">ocn896182318</subfield></datafield><datafield ind1=" " ind2=" " tag="040"><subfield code="a">DLC</subfield><subfield code="b">eng</subfield><subfield code="e">rda</subfield><subfield code="c">DLC</subfield><subfield code="d">BDX</subfield><subfield code="d">OCLCF</subfield><subfield code="d">YDXCP</subfield><subfield code="d">CDX</subfield><subfield code="d">UAB</subfield><subfield code="d">AEU</subfield></datafield><datafield ind1=" " ind2=" " tag="042"><subfield code="a">pcc</subfield></datafield><datafield ind1="0" ind2="0" tag="050"><subfield code="a">TD794.5</subfield><subfield code="b">.A415 2015</subfield></datafield><datafield ind1="0" ind2="0" tag="082"><subfield code="a">363.72/8209033</subfield><subfield code="2">23</subfield></datafield><datafield ind1=" " ind2=" " tag="084"><subfield code="a">HIS037050</subfield><subfield code="a">HIS054000</subfield><subfield code="a">BUS023000</subfield><subfield code="2">bisacsh</subfield></datafield><datafield ind1=" " ind2=" " tag="090"><subfield code="a">TD 794.5 A415 2015</subfield><subfield code="b">AEU</subfield></datafield><datafield ind1="0" ind2="4" tag="245"><subfield code="a">The afterlife of used things :</subfield><subfield code="b">recycling in the long eighteenth century /</subfield><subfield code="c">edited by Ariane Fennetaux, Am&#233;lie Junqua, and Sophie Vasset.</subfield></datafield><datafield ind1=" " ind2="1" tag="264"><subfield code="a">New York :</subfield><subfield code="b">Routledge, Taylor &amp; Francis Group,</subfield><subfield code="c">2015.</subfield></datafield><datafield ind1=" " ind2=" " tag="300"><subfield code="a">xi, 277 pages :</subfield><subfield code="b">illustrations ;</subfield><subfield code="c">24 cm.</subfield></datafield><datafield ind1=" " ind2=" " tag="336"><subfield code="a">text</subfield><subfield code="b">txt</subfield><subfield code="2">rdacontent</subfield></datafield><datafield ind1=" " ind2=" " tag="337"><subfield code="a">unmediated</subfield><subfield code="b">n</subfield><subfield code="2">rdamedia</subfield></datafield><datafield ind1=" " ind2=" " tag="338"><subfield code="a">volume</subfield><subfield code="b">nc</subfield><subfield code="2">rdacarrier</subfield></datafield><datafield ind1="1" ind2=" " tag="490"><subfield code="a">Routledge studies in cultural history ;</subfield><subfield code="v">26</subfield></datafield><datafield ind1=" " ind2=" " tag="504"><subfield code="a">Includes bibliographical references (pages 245-267) and index.</subfield></datafield><datafield ind1="0" ind2=" " tag="505"><subfield code="a">Introduction: The Many Lives of Recycling / Ariane Fennetaux, Am&#233;lie Junqua and Sophie Vasset -- Part I. The Circulation of Goods -- The Social Circulation of Luxury and Second-Hand Goods in Eighteenth-Century Parisian Shops / Natacha Coquery -- Luxury and Country House Sales in England, c.1760-1830 / Jon Stobart -- Recycling the Wreckage of History : On the Rise of an "Antiquarian Consumer Culture" in the Southern Netherlands / Ilja Van Damme -- Recycling Orientalia : William Beckford's &#198;sthetics of Appropriation / Laurent Ch&#226;tel -- Part II. The Stewardship of Objects and the Material Practices of Recycling -- Recycling the City : Paris, 1760s-1800 / Allan Potofsky -- Renewing and Refashioning : Recycling Furniture at the Late Stuart Court (1689-1714) / Olivia Fryman -- Invisible Mending? : Ceramic Repair in Eighteenth-Century England / Sara Pennell -- Sentimental Economics : Recycling Textiles in Eighteenth-Century Britain / Ariane Fennetaux -- Science and Recycling in the Long Eighteenth Century / Simon Werrett -- Recycling the Sacred : The Wax Votive Object and the Eighteenth-Century Wax Baby Doll / Elizabeth Kowaleski Wallace -- Part III. Textual Recyclings -- Inventive Mendicancy, Thrift and Extravagance Manifested in Re-Circulated Material in an Eighteenth-Century Library / W.G. Day -- Unstable Shades of Grey : Cloth and Paper in Addison's Periodicals / Am&#233;lie Junqua -- Black Transactions : Waste and Abundance in Samuel Richardson's Clarissa / Rebecca Barr -- "Never Was a Thing Put to So Many Uses" : Transfer and Transformation in Laurence Sterne's Fiction (1759-1768) / Brigitte Friant-Kessler -- Recycling a Medical Case : The Walpoles' Stone and Gravel / Sophie Vasset.</subfield></datafield><datafield ind1="2" ind2=" " tag="520"><subfield code="a">"Recycling is not a concept that is usually applied to the eighteenth century. 'The environment' may not have existed as a notion then, yet practices of re-use and transformation obviously shaped the early-modern world. Still, this period of booming commerce and exchange was also marked by scarcity and want. This book reveals the fascinating variety and ingenuity of recycling processes that may be observed in the commerce, crafts, literature, and medicine of the eighteenth century. Recycling is used as a thought-provoking means to revisit subjects such as consumption, the new science, or novel writing, and cast them in a new light where the waste of some becomes the luxury of others, clothes worn to rags are turned into paper and into books, and scientific breakthroughs are carried out in old kitchen pans"--</subfield><subfield code="c">Provided by publisher.</subfield></datafield><datafield ind1=" " ind2=" " tag="596"><subfield code="a">16</subfield></datafield><datafield ind1=" " ind2="0" tag="650"><subfield code="a">Recycling (Waste, etc.)</subfield><subfield code="x">History</subfield><subfield code="y">18th century.</subfield></datafield><datafield ind1=" " ind2="0" tag="650"><subfield code="a">Material culture</subfield><subfield code="x">History</subfield><subfield code="y">18th century.</subfield></datafield><datafield ind1=" " ind2="0" tag="650"><subfield code="a">Secondhand trade</subfield><subfield code="x">History</subfield><subfield code="y">18th century.</subfield></datafield><datafield ind1=" " ind2="0" tag="650"><subfield code="a">Social history</subfield><subfield code="y">18th century.</subfield></datafield><datafield ind1=" " ind2="0" tag="650"><subfield code="a">Economic history</subfield><subfield code="y">1600-1750.</subfield></datafield><datafield ind1=" " ind2="0" tag="650"><subfield code="a">Economic history</subfield><subfield code="y">1750-1918.</subfield></datafield><datafield ind1=" " ind2="0" tag="650"><subfield code="a">Literature</subfield><subfield code="y">18th century</subfield><subfield code="x">History and criticism.</subfield></datafield><datafield ind1="1" ind2=" " tag="700"><subfield code="a">Fennetaux, Ariane,</subfield><subfield code="e">editor.</subfield></datafield><datafield ind1="1" ind2=" " tag="700"><subfield code="a">Junqua, Am&#233;lie,</subfield><subfield code="e">editor.</subfield></datafield><datafield ind1="1" ind2=" " tag="700"><subfield code="a">Vasset, Sophie,</subfield><subfield code="e">editor.</subfield></datafield><datafield ind1=" " ind2="0" tag="830"><subfield code="a">Routledge studies in cultural history ;</subfield><subfield code="v">26.</subfield></datafield><datafield ind1=" " ind2=" " tag="949"><subfield code="a">TD 794.5 A415 2015</subfield><subfield code="c">1</subfield><subfield code="h">UAAU-B</subfield><subfield code="i">0162035234754</subfield></datafield><datafield ind1=" " ind2=" " tag="926"><subfield code="a">TD 794.5 A415 2015</subfield><subfield code="w">LC</subfield><subfield code="c">1</subfield><subfield code="i">0162035234754</subfield><subfield code="l">ON_SHELF</subfield><subfield code="m">UAAUG</subfield><subfield code="p">$150.00</subfield><subfield code="r">Y</subfield><subfield code="s">Y</subfield><subfield code="t">BOOK</subfield><subfield code="u">2/11/2015</subfield></datafield></record>